% Notas Imporantes:
% Poner una diagonal investida antes de los siguientes caracteres: #, $, %, ^, &, {, }, ~, [, ], <, >, _
% Caso Particuloar: Diagonal Invertida (\) sustituit por (\textbackslash) y dejar un espacio
% Ver enlace:

@Misc{calculator,
  title = "{Calculadora de Horas}",
  howpublished = "\burl{https://www.calculator.net/hours-calculator.html}",    
    note="{{Consultado el \specialdate\today}}" 
}

% python page
@misc{python,
  author = {Python Software Foundation},
  title = {Python 3.10.3 Documentation},
  howpublished = {Online},
  url = {https://docs.python.org/3/},
  note = {{Consultado el \specialdate\today}}
}

% qt6 page
@misc{qt6,
  author = {The Qt Company},
  title = {Qt 6: The Qt Toolkit},
  howpublished = {Online},
  url = {https://doc.qt.io/qt-6/index.html},
  note = {{Consultado el \specialdate\today}}
}

@book{fitzpatrick2024,
  author    = {Martin Fitzpatrick},
  title     = {Create GUI Applications with Python \& Qt6 (PyQt6 Edition)},
  edition   = {5th},
  year      = {2024},
  isbn      = {979-8829985554},
  url       = {https://www.pythonguis.com/pyqt6-book/},
  publisher = {Independently published}
}

@book{willman2022,
  author    = {Joshua Willman},
  title     = {Beginning PyQt: A Hands-on Approach to GUI Programming with PyQt6},
  edition   = {2nd},
  year      = {2022},
  isbn      = {978-1484279984},
  publisher = {Apress}
}

@misc{herrmann2022,
  author      = {Michael Herrmann},
  title       = {Python and Qt: The Best Parts},
  year        = {2022},
  howpublished= {Online},
  url         = {https://build-system.fman.io/pyqt6-book},
  note        = {{Consultado el \specialdate\today}}
}

@book{willman2020,
  author    = {Joshua Willman},
  title     = {Modern PyQt: Create GUI Applications for Project Management, Computer Vision, and Data Analysis},
  edition   = {1st},
  year      = {2020},
  isbn      = {978-1484266021},
  publisher = {Apress}
}

@book{summerfield2007,
  author    = {Mark Summerfield},
  title     = {Rapid GUI Programming with Python and Qt: The Definitive Guide to PyQt Programming},
  edition   = {1st},
  year      = {2007},
  isbn      = {978-0132354189},
  publisher = {Prentice Hall}
}

% https://www.pythonguis.com/tutorials/pyqt6-creating-your-first-window/
@misc{pythonguis,
  author = {Martin Fitzpatrick},
  title = {PyQt6: Creating your first window},
  howpublished = {Online},
  url = {https://www.pythonguis.com/tutorials/pyqt6/creating-your-first-window/},
  note = {{Consultado el \specialdate\today}}
}

% https://zetcode.com/pyqt6/
@misc{zetcode,
  author = {Jan Bodnar},
  title = {PyQt6 tutorial},
  howpublished = {Online},
  url = {https://zetcode.com/pyqt6/},
  note = {{Consultado el \specialdate\today}}
}